@STRING{acmat = {Acta Materialia}}

@STRING{acme = {Acta Mechanica}}

@STRING{acmet = {Acta Metallurgica}}

@STRING{acmetetmat = {Acta Metallurgica et Materialia}}

@STRING{acnu = {Acta Numerica}}

@STRING{actacrys = {Acta Crystallographica}}

@STRING{aem = {Advanced Engineering Materials}}

@STRING{afrmaa = {Archive for Rational Mechanics and Analysis}}

@STRING{aiaajs = {AIAA Journal of Spacecraft}}

@STRING{aiam = {Advances in Applied Mechanics}}

@STRING{aip = {Advances in Physics}}

@STRING{ajos = {AIAA Journal of Spacecraft}}

@STRING{aoam = {Archive of Applied Mechanics}}

@STRING{aom = {Archives of Mechanics}}

@STRING{aoor = {Annals of Operations Research}}

@STRING{aormaa = {Archive of Rational Mechanics and Analysis}}

@STRING{athen = {Athena Scientific, Belmont}}

@STRING{awpcim = {Addison--Wesley Publishing Company Inc., Massachusetts}}

@STRING{azojomo = {AZo Journal of Materials Online}}

@STRING{bauing = {Bauingenieur}}

@STRING{bhvb = {Birkh\"auser Verlag, Boston}}

@STRING{bhvbs = {Birkh\"auser Verlag, Basel, Stuttgart}}

@STRING{bimuk = {Berichte des Instituts f\"ur Mechanik, Universit\"at Kassel}}

@STRING{botams = {Bulletin of the American Mathematical Society}}

@STRING{cas = {Computers \& Structures}}

@STRING{cianm = {Communications in Applied Numerical Methods}}

@STRING{cinme = {Communications in Numerical Methods in Engineering}}

@STRING{cj = {Computer Journal}}

@STRING{cjop = {Canadian Journal of Physics}}

@STRING{cm = {Computational Mechanics}}

@STRING{cmame = {Computer Methods in Applied Mechanics and Engineering}}

@STRING{cmat = {Continuum Mechanics and Thermodynamics}}

@STRING{cmes = {Computer Modeling in Engineering and Sciences}}

@STRING{cms = {Computational Materials Science}}

@STRING{cpc = {Computer Physics Communications}}

@STRING{cpo = {Clarendon Press, Oxford}}

@STRING{crcpbr = {CRC Press, Boca Raton}}

@STRING{criac = {Critical Reviews in Analytical Chemistry}}

@STRING{cupc = {Cambridge University Press, Cambridge}}

@STRING{drm = {Diamonds and Related Materials}}

@STRING{dup = {Dunot, Paris}}

@STRING{ec = {Engineering Computations}}

@STRING{ehc = {Ellis Horwood, Chichester}}

@STRING{ejomas = {European Journal of Mechanics A / Solids}}

@STRING{fsbmuh = {Forschungs-- und Seminarberichte aus dem Bereich der Mechanik, Universitï¿½
	Hannover}}

@STRING{hdvfm = {Harri--Deutsch--Verlag, Frankfurt/Main}}

@STRING{ia = {Ingenieur Archiv}}

@STRING{ijfnaamig = {International Journal for Numerical and Analytical Methods in Geomechanics}}

@STRING{ijfp = {International Journal of Forming Processes}}

@STRING{ijnme = {International Journal for Numerical Methods in Engineering}}

@STRING{ijp = {International Journal of Plasticity}}

@STRING{ijss = {International Journal of Solids and Structures}}

@STRING{isonm = {International Series of Numerical Mathematics}}

@STRING{jamss = {Journal of the Australian Mathematical Society}}

@STRING{jdm = {Journal de M{\'e}canique}}

@STRING{jimaa = {Journal of the Institute for Mathematics and Applications}}

@STRING{jmps = {Journal of the Mechanics and Physics of Solids}}

@STRING{jmpt = {Journal of Materials Processing Technology}}

@STRING{jnm = {Journal of Nuclear Materials}}

@STRING{joam = {Journal of Applied Mechanics}}

@STRING{joap = {Journal of Applied Physics}}

@STRING{joaps = {Journal of Applied Polymer Science}}

@STRING{joem = {Journal of Engineering Materials and Technology}}

@STRING{jops = {Journal of Polymer Science}}

@STRING{jotams = {Journal of the Australian Mathematical Society}}

@STRING{jotiom = {Journal of the Institute of Metals}}

@STRING{jrnbs = {Journal Research National Bureau of Standards}}

@STRING{jsg = {Journal of Structural Geology}}

@STRING{jwsin = {John Wiley \& Sons Inc., New York}}

@STRING{mechmat = {Mechanics of Materials}}

@STRING{met = {Metallurgical Transactions}}

@STRING{mghl = {McGraw--Hill, London}}

@STRING{ml = {Materials Letters}}

@STRING{mmt = {Materials and Metallurgical Transactions}}

@STRING{mnpdn = {Martinus Nijhoff Publishers, Dordrecht, Netherlands}}

@STRING{moc = {Mathematics of Computation}}

@STRING{mp = {Mathematical Programming}}

@STRING{mrc = {Mechanics Research Communications}}

@STRING{mse = {Materials Science \& Engineering}}

@STRING{msea = {Materials Science \& Engineering {A}}}

@STRING{msf = {Materials Science Forum}}

@STRING{msmse = {Modelling and Simulation in Materials Science and Engineering}}

@STRING{mt = {Materials Transactions}}

@STRING{nead = {Nuclear Engineering and Design}}

@STRING{phinj = {Prentice--Hall Inc., New Jersey}}

@STRING{phy = {Physica}}

@STRING{piamam = {Proceedings in Applied Mathematics and Mechanics}}

@STRING{pims = {Progress in Materials Science}}

@STRING{pm = {The Philosophical Magazine}}

@STRING{pma = {Philosophical Magazine A}}

@STRING{potps = {Proceedings of the Physical Society}}

@STRING{prsla = {Proceedings of the Royal Society London A}}

@STRING{ptotrsla = {Philosophical Transactions of the Royal Society London A}}

@STRING{qoam = {Quarterly of Applied Mathematics}}

@STRING{ra = {Rheological Acta}}

@STRING{rcat = {Rubber Chemistry and Technology}}

@STRING{rdpa = {Revue de Physique Appliqu{\'e}e}}

@STRING{siamco = {SIAM Journal for Control and Optimization}}

@STRING{sm = {Scripta Materialia}}

@STRING{smas = {Smart Materials and Structures}}

@STRING{spv = {Springer--Verlag}}

@STRING{spvb = {Springer--Verlag, Berlin}}

@STRING{spvbh = {Springer--Verlag Berlin Heidelberg}}

@STRING{spvwn = {Springer--Verlag, Wien, New York}}

@STRING{sr = {SIAM Reviews}}

@STRING{SRI = {Steel Research International}}

@STRING{ssp = {Solid State Phenomena}}

@STRING{strop = {Structural Optimization}}

@STRING{tjocp = {The Journal of Chemical Physics}}

@STRING{tota = {Transactions of the ASME}}

@STRING{totfs = {Transactions of the Faraday Society}}

@STRING{totmsoa = {Transactions of the Metallurgical Society of AIME}}

@STRING{tpr = {The Physical Review}}

@STRING{tvl = {Teubner--Verlag, Leipzig}}

@STRING{tvs = {Teubner--Verlag, Stuttgart}}

@STRING{vie = {Vieweg \& Sohn, Braunschweig}}

@STRING{zamp = {Journal of Applied Mathematics and Physics (ZAMP)}}

@STRING{zfamum = {Zeitschrift f{\"u}r angewandte Mathematik und Mechanik}}

@STRING{zfm = {Zeitschrift f{\"u}r Metallkunde}}

@STRING{zfp = {Zeitschrift f{\"u}r Physik}}

@ARTICLE{prakash.etal.2008a,
  author = {A. Prakash and T. Hochrainer and E. Reisacher and H. Riedel},
  title = {Twinning Models in Self-Consistent Texture Simulations of TWIP Steels},
  journal = SRI,
  year = {2008},
  volume = {79(8)},
  pages = {645--652},
  doi = {DOI: 10.2374/SRI08SP030-79-2008-645},
  owner = {pra},
  pdf = {prakash.etal.2008a.pdf},
  timestamp = {2009.01.29}
}

@INPROCEEDINGS{prakash.etal.2007,
  author = {A. Prakash and T. Hochrainer and H. Riedel and D. Helm and E. Reisacher},
  title = {Twinning models in self-consistent simulations of TWIP steels},
  booktitle = {Proc. of the 2nd SteelSim conference, Graz/Seggau},
  year = {2007},
  pages = {355--361},
  owner = {pra},
  pdf = {prakash.etal.2007.pdf},
  timestamp = {2008.01.11}
}

@ARTICLE{prakash.lebensohn.2009,
  author = {A. Prakash and R. A. Lebensohn},
  title = {{Simulation of micromechanical behavior of polycrystals: Finite elements
	vs. fast Fourier transforms}},
  journal = msmse,
  year = {2009},
  volume = {submitted},
  owner = {pra},
  timestamp = {2009.04.10}
}

@ARTICLE{prakash.etal.2009,
  author = {A. Prakash and S. M. Weygand and H. Riedel},
  title = {Modeling the evolution of texture and grain shape in {M}g alloy {AZ}31
	using the crystal plasticity finite element method},
  journal = cms,
  year = {2009},
  volume = {article in press},
  pages = {xxx--xxx},
  doi = {doi:10.1016/j.commatsci.2008.06.015},
  owner = {pra},
  pdf = {prakash.etal.2008b.pdf},
  timestamp = {2008.02.28}
}

@ARTICLE{lebensohn.tome.1993,
  author = {Lebensohn, R. A. and Tom\'e, C. N.},
  title = {A self-consistent anisotropic approach for the simulation of plastic
	deformation and texture development of polycrystals: Application
	to zirconium alloys},
  journal = acmetetmat,
  year = {1993},
  volume = {41, No. 9},
  pages = {2611--2624},
  owner = {pra},
  pdf = {lebensohn.tome.1993.pdf},
  timestamp = {2007.12.28}
}

@BOOK{kocks.etal.1998,
  title = {Texture and Anisotropy},
  publisher = {Cambridge University Press},
  year = {1998},
  author = {Kocks, U. F. and Tom\'e, C. N. and Wenk, H.-R.},
  edition = {1}
}

@PHDTHESIS{allain.2004,
  author = {Allain, S.},
  title = {Caract\'erisation et mod\'elisation thermom\'ecaniques multi-\'echelles
	des m\'ecanismes de d\'eformation et d'\'ecrouissage d'aciers aust\'enitiques
	\`a haute teneur en mangan\'ese - application \`a l'effet {TWIP}},
  school = {Institut National Polytechnique de Lorraine - Nancy},
  year = {2004},
  pdf = {allain.2004.pdf}
}

@MANUAL{tome.lebensohn.2003a,
  title = {Manual for VPSC –- version 6},
  author = {C. N. Tom\'e and R. A. Lebensohn},
  year = {2003},
  owner = {pra},
  timestamp = {2008.01.11}
}


